@ARTICLE{5396281,
author={D. Nofre},
journal={IEEE Annals of the History of Computing},
title={Unraveling Algol: US, Europe, and the Creation of a Programming Language},
year={2010},
volume={32},
number={2},
pages={58-68},
keywords={ALGOL;history;US;Europe;universal programming language;general translation system;Algol;Europe;Computer languages;History;Natural languages;Skeleton;Writing;Cultural differences;Global communication;Mirrors;Collaboration;history of software;programming languages;universal language;Algol;history of computing},
doi={10.1109/MAHC.2010.4},
ISSN={1058-6180},
month={April},}
